@book{manual,
  author    = {{Köhli, M.}, {Gessner, M.}, {Fischer, S.}},
  title     = {Der Hanle-Effekt, Fortgeschrittenen-Praktikum I},
  publisher = {Institut für Mathematik und Physik, Albert-Ludwigs-Universität, Freiburg},
  year      = {2012}
}
