@book{manual,
  author    = {{Ortner, A.}, {Köhli, M.}, {Köneke, K.}},
  title     = {Kernspinresonanz, Fortgeschrittenen-Praktikum I},
  publisher = {Institut für Mathe und Physik, Albert-Ludwigs-Universität, Freiburg},
  year      = {2013}
}