@book{manual,
  author    = {Köhli, M.},
  title     = {Superconducting Quantum Interference Device, Fort\-ge\-schritte\-nen-Prak\-ti\-kum I},
  publisher = {Institut für Mathematik und Physik, Albert-Ludwigs-Universität, Freiburg},
  year      = {2011}
}
