@book{dem3,
  author    = {{Demtröder, W.}},
  title     = {Experimentalphysik 3, Atome, Moleküle und Festkörper, 4. Auflage},
  publisher = {Springer Spektrum},
  year      = {2010}
}

@book{staatsex,
  author    = {{Ippendorf, A.}},
  title     =  {Messung des Mitführungskoeffizienten von Licht mit einem Ringlaser; Zulassungsarbeit},
  publisher = {Freiburg},
  year      = {1979}
}