@book{herrmann,
  author    = {{Herrmann, B.}},
  title     =  {Elektrooptischer Effekt und Faraday-Effekt; Zulassungsarbeit},
  publisher = {Freiburg},
  year      = {1977}
}