@book{staatsex,
  author    = {{Amrein, S.}},
  title     =  {Halbleiter \& Halbleiterdetektoren; Staatsexamensarbeit},
  publisher = {Freiburg},
  year      = {2008}
}