@Article{1,
  author = 	 {Author},
  title = 	 {Title},
  journal = 	 {Journal},
  year = 	 {Year},
  OPTKey = {1}
}